@article{charland2011mobile,
  title={Mobile application development: web vs. native},
  author={Charland, Andre and Leroux, Brian},
  journal={Communications of the ACM},
  volume={54},
  number={5},
  pages={49--53},
  year={2011},
  publisher={ACM New York, NY, USA}
}
@article{mosa2012systematic,
  title={A systematic review of healthcare applications for smartphones},
  author={Mosa, Abu Saleh Mohammad and Yoo, Illhoi and Sheets, Lincoln},
  journal={BMC medical informatics and decision making},
  volume={12},
  number={1},
  pages={1--31},
  year={2012},
  publisher={BioMed Central}
}
@article{kulkarni2014healthcare,
  title={Healthcare applications of the Internet of Things: A Review},
  author={Kulkarni, Alok and Sathe, Sampada},
  journal={International Journal of Computer Science and Information Technologies},
  volume={5},
  number={5},
  pages={6229--6232},
  year={2014},
  publisher={Citeseer}
}
@book{vora2009web,
  title={Web Application Design Patterns},
  author={Vora, P.},
  isbn={9780080921457},
  series={Interactive Technologies},
  url={https://books.google.com.hk/books?id=S2kv6RJztQcC},
  year={2009},
  publisher={Elsevier Science}
}
@Inbook{Oppermann2002,
author="Oppermann, Reinhard",
editor="Adelsberger, Heimo H.
and Collis, Betty
and Pawlowski, Jan M.",
title="User-interface Design",
bookTitle="Handbook on Information Technologies for Education and Training",
year="2002",
publisher="Springer Berlin Heidelberg",
address="Berlin, Heidelberg",
pages="233--248",
isbn="978-3-662-07682-8",
doi="10.1007/978-3-662-07682-8_15",
url="https://doi.org/10.1007/978-3-662-07682-8_15"
}
@INPROCEEDINGS{4221621,
  author={Jazayeri, Mehdi},
  booktitle={Future of Software Engineering (FOSE '07)}, 
  title={Some Trends in Web Application Development}, 
  year={2007},
  volume={},
  number={},
  pages={199-213},
  doi={10.1109/FOSE.2007.26}
  }
@article{hick2006database,
  title={Database application evolution: A transformational approach},
  author={Hick, Jean-Marc and Hainaut, Jean-Luc},
  journal={Data \& Knowledge Engineering},
  volume={59},
  number={3},
  pages={534--558},
  year={2006},
  publisher={Elsevier}
}
@incollection{olle2003database,
  title={Database management system (DBMS)},
  author={Olle, T William},
  booktitle={Encyclopedia of Computer Science},
  pages={517--520},
  year={2003}
}
@inproceedings{bennett2000software,
  title={Software maintenance and evolution: a roadmap},
  author={Bennett, Keith H and Rajlich, V{\'a}clav T},
  booktitle={Proceedings of the Conference on the Future of Software Engineering},
  pages={73--87},
  year={2000}
}
@book{beynon2004database,
  title={Database systems},
  author={Beynon-Davies, Paul},
  year={2004},
  publisher={Springer}
}
@article{letkowski2015doing,
  title={Doing database design with MySQL},
  author={Letkowski, Jerzy},
  journal={Journal of Technology Research},
  volume={6},
  pages={1},
  year={2015},
  publisher={Academic and Business Research Institute (AABRI)}
}
@inproceedings{statcounter2021,
  title={Top 9 mobile and tablet browsers},
  author={Stacounter},
  url={https://gs.statcounter.com/mobile+tablet-browser-ww-monthly-202102-202102},
  year={Feb, 2021}
}



